@inproceedings{ref:roteiro,
    title = {Dispersão do índice de refração},
    year = {2017},
    author = {{Gustavo S. Wiederhecker}},
    organization = {IFGW, Unicamp}
}

@book{ref:otica,
    title = {Principles of optics: electromagnetic theory of propagation, interference and diffraction of light},
    year = {1969},
    author = {{Emil Wolf, Max Born}},
    edition = {4},
    publisher = {Pergamon Press, Oxford}
}

@manual{ref:gum,
    title = {Guia para a expressão de incerteza de medição},
    organization = {INMETRO},
    year = {2008},
    url = {http://www.inmetro.gov.br/noticias/conteudo/iso_gum_versao_site.pdf}
}
