@online{ref:pylef,
    title = {{\texttt{pylef}}, Pacote de aquisição de dados de corrente alternada em Python do Laboratório de Ensino de Física},
    year = {2017},
    author = {{Gustavo Wiederhecker}},
    url = {https://github.com/gwiederhecker/pylef}
}

@book{ref:circuitos,
    title = {Fundamentos de Circuitos Elétricos},
    year = {1994},
    author = {{Charles K. Alexander, Mathew N. O. Sadiku}},
    edition = {4},
    publisher = {Prentice-Hall do Brasil Ltda.}
}

@manual{ref:osciloscopio,
    title = {Digital Storage Oscilloscopes, Service Manual},
    note = {TBS1000 Series},
    organization = {TekTronix},
    year = {2013},
    url = {https://www.tek.com/oscilloscope/tbs1000-digital-storage-oscilloscope-manual}
}

@manual{ref:gerador,
    title = {Function/Arbitrary Waveform Generator, USER MANUAL},
    note = {Model: 4052, 4053, 4054, 4055},
    organization = {BK Precision},
    year = {2018},
    url = {http://www.bkprecision.com/products/signal-generators/4052-5-mhz-dual-channel-function-arbitrary-waveform-generator.html}
}

@proceedings{ref:gum,
    title = {Guia para a expressão de incerteza de medição},
    organization = {INMETRO},
    year = {2008},
    url = {http://www.inmetro.gov.br/noticias/conteudo/iso_gum_versao_site.pdf}
}
