@inproceedings{ref:roteiro,
    title = {Difração da luz por fendas},
    year = {2017},
    month = {Outubro},
    author = {{Antônio C. Costa, Gustavo S. Wiederhecker, Hugo L. Fragnito}},
    organization = {IFGW, Unicamp}
}

@book{ref:otica,
    title = {Introduction to Modern Optics},
    year = {1975},
    author = {{Grant R. Fowles}},
    edition = {2},
    publisher = {Holt McDougal},
    address = {New York City}
}

@book{ref:wolf,
    title = {Principles of optics},
    year = {1999},
    author = {{Emil Wolf, Max Born}},
    edition = {7},
    publisher = {Cambridge Univesity Press},
    address = {Cambridge},
    url = {http://assets.cambridge.org/97805216/42224/sample/9780521642224ws.pdf}
}

@manual{ref:gum,
    title = {Guia para a expressão de incerteza de medição},
    organization = {INMETRO},
    year = {2008},
    url = {http://www.inmetro.gov.br/noticias/conteudo/iso_gum_versao_site.pdf}
}

@online{ref:imagej,
    title = {{\texttt{ImageJ}}, Image Processing and Analysis in Java},
    organization = {National Institutes of Health},
    author = {{Wayne Rasband}},
    url = {https://imagej.nih.gov/ij/}
}

@article{ref:cabelo,
    title = {Diameter of a Human Hair},
    author = {{Brian Ley}},
    year = {1999},
    journal = {The Physics Factbook},
    url = {https://hypertextbook.com/facts/1999/BrianLey.shtml}
}
